@misc{compression-methods,
      title={Model Compression Methods for YOLOv5: A Review}, 
      author={Mohammad Jani and Jamil Fayyad and Younes Al-Younes and Homayoun Najjaran},
      year={2023},
      eprint={2307.11904},
      archivePrefix={arXiv},
      primaryClass={cs.CV}
}
